<record xmlns:xsi="http://www.w3.org/2001/XMLSchema-instance" xmlns="http://www.loc.gov/MARC21/slim" xsi:schemaLocation="http://www.loc.gov/MARC21/slim http://www.loc.gov/standards/marcxml/schema/MARC21slim.xsd">

  <leader>00867nam a22002177a 4500</leader>
  <datafield tag="999" ind1=" " ind2=" ">
    <subfield code="c">3532</subfield>
    <subfield code="d">3532</subfield>
  </datafield>
  <controlfield tag="008">180702b2014    ag a|||| |||| 00| | spa d</controlfield>
  <datafield ind2=" " ind1=" " tag="020">
    <subfield code="a">9789500010450</subfield>
  </datafield>
  <datafield tag="090" ind1=" " ind2=" ">
    <subfield code="a">06.03.07</subfield>
    <subfield code="b">2459</subfield>
  </datafield>
  <datafield ind2=" " ind1=" " tag="100">
    <subfield code="9">3870</subfield>
    <subfield code="a">Silvestri, Sergio Oscar</subfield>
  </datafield>
  <datafield tag="245" ind1="1" ind2="0">
    <subfield code="a">Nanotecnología hoy: el desafío de conocer y enseñar /</subfield>
    <subfield code="c">Sergio Oscar Silvestri, Ana Cecilia Manuce, María Eugenia Alassia, Alicia Seferian, Ana Reviglio, Luis Ricardo Soria</subfield>
  </datafield>
  <datafield ind2=" " tag="260" ind1=" ">
    <subfield code="a">[Buenos Aires, Argentina] :</subfield>
    <subfield code="b">Ministerio de Educación de la Nación,</subfield>
    <subfield code="c">[2014]</subfield>
  </datafield>
  <datafield ind2=" " tag="300" ind1=" ">
    <subfield code="a">190 páginas;</subfield>
    <subfield code="b">ilustraciones</subfield>
  </datafield>
  <datafield tag="490" ind1=" " ind2=" ">
    <subfield code="a">Escritura en ciencias,</subfield>
    <subfield code="v">15</subfield>
  </datafield>
  <datafield ind1="1" tag="650" ind2="4">
    <subfield code="9">996</subfield>
    <subfield code="a">ENSEÑANZA DE LAS CIENCIAS </subfield>
  </datafield>
  <datafield ind2=" " tag="700" ind1=" ">
    <subfield code="9">3871</subfield>
    <subfield code="a"> Manuce, Ana Cecilia</subfield>
  </datafield>
  <datafield ind2=" " ind1=" " tag="700">
    <subfield code="9">3872</subfield>
    <subfield code="a">Alassia, María Eugenia </subfield>
  </datafield>
  <datafield ind2=" " tag="700" ind1=" ">
    <subfield code="9">3873</subfield>
    <subfield code="a">Seferian, Alicia </subfield>
  </datafield>
  <datafield ind1=" " tag="700" ind2=" ">
    <subfield code="9">3874</subfield>
    <subfield code="a">Reviglio, Ana </subfield>
  </datafield>
  <datafield ind2=" " ind1=" " tag="700">
    <subfield code="9">3875</subfield>
    <subfield code="a">Soria, Luis Ricardo </subfield>
  </datafield>
  <datafield ind1=" " tag="942" ind2=" ">
    <subfield code="2">z</subfield>
    <subfield code="c">01</subfield>
  </datafield>
</record>